<?xml version="1.0" encoding="UTF-8"?><collection xmlns="http://www.loc.gov/MARC21/slim"><record><leader>00491nam--2200181-u-4500</leader><controlfield tag="001">000051631</controlfield><controlfield tag="002">20161230</controlfield><controlfield tag="005">20161230201049</controlfield><controlfield tag="008">080811s1000------------r-----000-0-eng-d</controlfield><datafield ind1=" " ind2=" " tag="040"><subfield code="a">IFIN-HH</subfield></datafield><datafield ind1=" " ind2=" " tag="080"><subfield code="a">539.1.01</subfield></datafield><datafield ind1="1" ind2=" " tag="100"><subfield code="a">Vinogradov,V.N.,Gai,E.V. i Rabotnov,N.S</subfield></datafield><datafield ind1="1" ind2="0" tag="245"><subfield code="a">Analiticheskaya Approksimatsiya Dannykh v Yadernoi i Neitronnoi Fizike</subfield></datafield><datafield ind1=" " ind2=" " tag="260"><subfield code="a">Moskva</subfield><subfield code="b">Energoatomizdat</subfield><subfield code="c">1987</subfield></datafield><datafield ind1=" " ind2=" " tag="300"><subfield code="a">128 p</subfield></datafield><datafield ind1=" " ind2=" " tag="490"><subfield code="a">517.5</subfield></datafield><datafield ind1=" " ind2=" " tag="852"><subfield code="a">74599</subfield></datafield><datafield ind1=" " ind2=" " tag="CAT"><subfield code="a">Sys</subfield><subfield code="c">20080811</subfield><subfield code="h">121435</subfield></datafield></record></collection>